@article{RochaEtAl_18,
  title = {Stimulated Generation: Extraction of Energy from Balanced Flow by near-Inertial Waves},
  shorttitle = {Stimulated Generation},
  author = {Rocha, Cesar B. and Wagner, Gregory L. and Young, William R.},
  date = {2018-07},
  journaltitle = {Journal of Fluid Mechanics},
  volume = {847},
  pages = {417--451},
  publisher = {{Cambridge University Press}},
  issn = {0022-1120, 1469-7645},
  doi = {10.1017/jfm.2018.308},
  langid = {english}
}

@article{Vallis_96a,
  title = {Potential Vorticity Inversion and Balanced Equations of Motion for Rotating and Stratified Flows},
  author = {Vallis, Geoffrey K.},
  date = {1996},
  journaltitle = {Quarterly Journal of the Royal Meteorological Society},
  volume = {122},
  number = {529},
  pages = {291--322},
  issn = {1477-870X},
  doi = {10.1002/qj.49712252912},
  langid = {english}
}

@article{WagnerYoung_15,
  title = {Available Potential Vorticity and Wave-Averaged Quasi-Geostrophic Flow},
  author = {Wagner, Gregory L. and Young, William R.},
  date = {2015-12},
  journaltitle = {Journal of Fluid Mechanics},
  volume = {785},
  pages = {401--424},
  publisher = {{Cambridge University Press}},
  issn = {0022-1120, 1469-7645},
  doi = {10.1017/jfm.2015.626},
  langid = {english}
}

@article{WagnerYoung_16,
  title = {A Three-Component Model for the Coupled Evolution of near-Inertial Waves, Quasi-Geostrophic Flow and the near-Inertial Second Harmonic},
  author = {Wagner, Gregory L. and Young, William R.},
  date = {2016-09},
  journaltitle = {Journal of Fluid Mechanics},
  volume = {802},
  pages = {806--837},
  publisher = {{Cambridge University Press}},
  issn = {0022-1120, 1469-7645},
  doi = {10.1017/jfm.2016.487},
  langid = {english}
}

@article{XieVanneste_15,
  title = {A Generalised-{{Lagrangian-mean}} Model of the Interactions between near-Inertial Waves and Mean Flow},
  author = {Xie, J.-H. and Vanneste, J.},
  date = {2015-07-10},
  journaltitle = {Journal of Fluid Mechanics},
  shortjournal = {J. Fluid Mech.},
  volume = {774},
  pages = {143--169},
  issn = {0022-1120, 1469-7645},
  doi = {10.1017/jfm.2015.251},
  langid = {english}
}

@article{Xie_20,
  title = {Downscale Transfer of Quasigeostrophic Energy Catalyzed by Near-Inertial Waves},
  author = {Xie, Jin-Han},
  date = {2020-12},
  journaltitle = {Journal of Fluid Mechanics},
  volume = {904},
  pages = {A40},
  publisher = {{Cambridge University Press}},
  issn = {0022-1120, 1469-7645},
  doi = {10.1017/jfm.2020.709},
  langid = {english}
}

@article{AsselinYoung_19,
  title = {An Improved Model of Near-Inertial Wave Dynamics},
  author = {Asselin, Olivier and Young, William R.},
  date = {2019-10},
  journaltitle = {Journal of Fluid Mechanics},
  volume = {876},
  pages = {428--448},
  publisher = {{Cambridge University Press}},
  issn = {0022-1120, 1469-7645},
  doi = {10.1017/jfm.2019.557},
  langid = {english}
}

@software{Conn_2023,
  author = {Conn, Scott},
  title = {{2DYBJ-QG}},
  url = {https://github.com/scott-conn/2DYBJ-QG},
  year = {2023}
}